%
@manual{ImaLauKin-cloglog.net11,
  author = { Matt Owen, Kosuke Imai, Olivia Lau and Gary King},
  title =  { 
    cloglog.net: Network Complementary Log Log Regression for Dichotomous 
    Proximity Matrix Dependent Variables
  },
  year =   2011,
  url =    { http://gking.harvard.edu/zelig }
}

%
@manual{ImaLauKin-gamma.net11,
  author = { Matt Owen, Kosuke Imai, Olivia Lau and Gary King},
  title =  { 
    gamma.net: Network Gamma Regression for Continuous, Positive Proximity 
    Matrix Dependent Variables 
  },
  year =   2011,
  url =    { http://gking.harvard.edu/zelig }
}

%
@manual{ImaLauKin-logit.net11,
  author = { Matt Owen, Kosuke Imai, Olivia Lau and Gary King},
  title =  { 
    logit.net: Logistic Regression for Dichotomous Dependent Variables
  },
  year =   2011,
  url =    { http://gking.harvard.edu/zelig }
}

%
@manual{ImaLauKin-ls.net11,
  author = { Matt Owen and Kosuke Imai and Olivia Lau and Gary King},
  title =  { 
    ls.net: Network Least Squares Regression for Continuous Proximity Matrix 
    Dependent Variables
  },
  year =   2011,
  url =    { http://gking.harvard.edu/zelig }
}

%
@manual{ImaLauKin-normal.net11,
  author = { Matt Owen and Kosuke Imai and Olivia Lau and Gary King},
  title =  { 
    normal.net: Network Normal Regression for Continuous Proximity Matrix 
    Dependent Variables
  },
  year =   2011,
  url =    { http://gking.harvard.edu/zelig }
}

%
@manual{ImaLauKin-poisson.net11,
  author = { Matt Owen and Kosuke Imai and Olivia Lau and Gary King},
  title =  { 
    poisson.net: Network Poisson Regression for Count Proximity Matrix Dependent 
    Variables
  },
  year =   2011,
  url =    { http://gking.harvard.edu/zelig }
}

@manual{ImaLauKin-probit.net11,
  author = { Matt Owen and Kosuke Imai and Olivia Lau and Gary King},
  title =  { 
    probit.net: Network Probit Regression for Dichotomous Proximity Matrix 
    Dependent Variables
  },
  year =   2011,
  url =    { http://gking.harvard.edu/zelig }
}
